@article{thiel2013,
  title={Noncognitive skills in economics: Models, measurement, and empirical evidence},
  author={Thiel, Hendrik and Thomsen, Stephan L},
  journal={Research in economics},
  volume={67},
  number={2},
  pages={189--214},
  year={2013},
  publisher={Elsevier}
}

@article{thorrisen,
  title={The Ten-Item Personality Inventory (TIPI): a scoping review of versions, translations and psychometric properties},
  author={Th{\o}rrisen, Mikkel Magnus and Sadeghi, Talieh},
  journal={Frontiers in Psychology},
  volume={14},
  pages={1202953},
  year={2023}
}

@article{gosling,
  title={A very brief measure of the Big-Five personality domains},
  author={Gosling, Samuel D and Rentfrow, Peter J and Swann Jr, William B},
  journal={Journal of Research in personality},
  volume={37},
  number={6},
  pages={504--528},
  year={2003},
  publisher={Elsevier}
}

@article{kautz2014,
  title={Fostering and measuring skills: Improving cognitive and non-cognitive skills to promote lifetime success},
  author={Kautz, Tim and Heckman, James J and Diris, Ron and Ter Weel, Bas and Borghans, Lex},
  year={2014},
  publisher={National Bureau of Economic Research}
}

@article{zhou2017,
  title={Non-cognitive skills: Potential candidates for global measurement},
  author={Zhou, Kai},
  journal={European Journal of Education},
  volume={52},
  number={4},
  pages={487--497},
  year={2017},
  publisher={Wiley Online Library}
}

@article{brunello2011,
  title={Non-cognitive skills and personality traits: Labour market relevance and their development in education \& training systems},
  author={Brunello, Giorgio and Schlotter, Martin},
  year={2011},
  publisher={IZA Discussion paper}
}

@article{suarez2016,
  title={The Determinants of Non-Cognitive Education: does the school matter? Empirical evidence from Spain},
  author={Su{\'a}rez Pandiello, Javier and Garcia Valinas, Marian and Mu{\~n}iz, Manuel A},
  journal={European Journal of Education},
  volume={51},
  number={3},
  pages={408--424},
  year={2016},
  publisher={Wiley Online Library}
}

@article{oreopoulos2011,
  title={Priceless: The nonpecuniary benefits of schooling},
  author={Oreopoulos, Philip and Salvanes, Kjell G},
  journal={Journal of Economic perspectives},
  volume={25},
  number={1},
  pages={159--184},
  year={2011},
  publisher={American Economic Association}
}

@article{murphy2019,
  title={Growing Up in Ireland. National Longitudinal Study of Children. Technical Series Number 2019-5},
  author={Murphy, Daraine and Williams, James and Murray, Aisling and Smyth, Emer},
  year={2019}
}

@article{humphries2017,
  title={On the interpretation of non-cognitive skills--What is being measured and why it matters},
  author={Humphries, John Eric and Kosse, Fabian},
  journal={Journal of Economic Behavior \& Organization},
  volume={136},
  pages={174--185},
  year={2017},
  publisher={Elsevier}
}

@article{borghans2008,
  title={The role of noncognitive skills in explaining cognitive test scores},
  author={Borghans, Lex and Meijers, Huub and Ter Weel, Bas},
  journal={Economic inquiry},
  volume={46},
  number={1},
  pages={2--12},
  year={2008},
  publisher={Wiley Online Library}
}

@article{duckworth2006,
  title={Self-discipline gives girls the edge: Gender in self-discipline, grades, and achievement test scores.},
  author={Duckworth, Angela Lee and Seligman, Martin EP},
  journal={Journal of educational psychology},
  volume={98},
  number={1},
  pages={198},
  year={2006},
  publisher={American Psychological Association}
}


@book{bowles2011,
  title={Schooling in capitalist America: Educational reform and the contradictions of economic life},
  author={Bowles, Samuel and Gintis, Herbert},
  year={2011},
  publisher={Haymarket Books}
}

@article{pandiello,
  title={The Determinants of Non-Cognitive Education: does the school matter? Empirical evidence from Spain},
  author={Su{\'a}rez Pandiello, Javier and Garcia Valinas, Marian and Mu{\~n}iz, Manuel A},
  journal={European Journal of Education},
  volume={51},
  number={3},
  pages={408--424},
  year={2016},
  publisher={Wiley Online Library}
}
@article{balart2018,
  title={Test scores, noncognitive skills and economic growth},
  author={Balart, Pau and Oosterveen, Matthijs and Webbink, Dinand},
  journal={Economics of Education Review},
  volume={63},
  pages={134--153},
  year={2018},
  publisher={Elsevier}
}

@article{duckworth2011,
  title={Role of test motivation in intelligence testing},
  author={Duckworth, Angela Lee and Quinn, Patrick D and Lynam, Donald R and Loeber, Rolf and Stouthamer-Loeber, Magda},
  journal={Proceedings of the National Academy of Sciences},
  volume={108},
  number={19},
  pages={7716--7720},
  year={2011},
  publisher={National Acad Sciences}
}